<record><leader>00000cas a2200000 a 4500</leader><controlfield tag="001">12259674</controlfield><controlfield tag="008">850712d187318uumiuwr ne      0    0eng c</controlfield><datafield ind1=" " ind2=" " tag="010"><subfield code="a">sn 85026501 </subfield></datafield><datafield ind1=" " ind2=" " tag="040"><subfield code="a">NPX</subfield><subfield code="b">eng</subfield><subfield code="c">NPX</subfield><subfield code="d">MHN</subfield><subfield code="d">OCL</subfield><subfield code="d">OCLCQ</subfield><subfield code="d">OCLCF</subfield><subfield code="d">OCLCO</subfield></datafield><datafield ind1=" " ind2=" " tag="042"><subfield code="a">pcc</subfield></datafield><datafield ind1=" " ind2=" " tag="043"><subfield code="a">n-us-mi</subfield></datafield><datafield ind1="0" ind2="0" tag="245"><subfield code="a">Ludington weekly appeal.</subfield></datafield><datafield ind1=" " ind2=" " tag="260"><subfield code="a">Ludington, Mich. :</subfield><subfield code="b">W.B. Cole</subfield></datafield><datafield ind1=" " ind2=" " tag="300"><subfield code="a">v.</subfield></datafield><datafield ind1=" " ind2=" " tag="310"><subfield code="a">Weekly</subfield></datafield><datafield ind1="1" ind2=" " tag="362"><subfield code="a">Began with June 27, 1873 issue.</subfield><subfield code="z">Cf. Gregory, W. Amer. newspapers.</subfield></datafield><datafield ind1=" " ind2=" " tag="500"><subfield code="a">Editor: William B. Cole, &lt;1876&gt;.</subfield></datafield><datafield ind1=" " ind2=" " tag="500"><subfield code="a">"Independent," &lt;1876&gt;.</subfield></datafield><datafield ind1=" " ind2=" " tag="500"><subfield code="a">Whole numbering added: &lt;Vol. 3, no. 38 (Mar. 17, 1876) = whole no. 142&gt;.</subfield></datafield><datafield ind1=" " ind2=" " tag="580"><subfield code="a">Continued by: Ludington appeal?</subfield></datafield><datafield ind1=" " ind2=" " tag="588"><subfield code="a">Description based on: Vol. 1, no. 3 (July 11, 1873).</subfield></datafield><datafield ind1=" " ind2="0" tag="651"><subfield code="a">Ludington (Mich.)</subfield><subfield code="v">Newspapers.</subfield></datafield><datafield ind1=" " ind2="0" tag="651"><subfield code="a">Mason County (Mich.)</subfield><subfield code="v">Newspapers.</subfield></datafield><datafield ind1=" " ind2="7" tag="655"><subfield code="a">Newspapers.</subfield><subfield code="2">fast</subfield><subfield code="0">(OCoLC)fst01423814</subfield></datafield><datafield ind1=" " ind2="7" tag="651"><subfield code="a">Michigan</subfield><subfield code="z">Ludington.</subfield><subfield code="2">fast</subfield><subfield code="0">(OCoLC)fst01213446</subfield></datafield><datafield ind1=" " ind2="7" tag="651"><subfield code="a">Michigan</subfield><subfield code="z">Mason County.</subfield><subfield code="2">fast</subfield><subfield code="0">(OCoLC)fst01214744</subfield></datafield><datafield ind1=" " ind2=" " tag="752"><subfield code="a">United States</subfield><subfield code="b">Michigan</subfield><subfield code="c">Mason</subfield><subfield code="d">Ludington.</subfield></datafield><datafield ind1="1" ind2="0" tag="785"><subfield code="t">Ludington appeal</subfield><subfield code="w">(DLC)sn 96077202</subfield><subfield code="w">(OCoLC)35782601</subfield></datafield></record>